02RETORNO01COBRANCA       42056000156620925442CENTRAL DAS COOPERATIVAS DE CR001BANCO DO BRASIL0708131314759                                                                                                                                                                                                                                                                                               000001
10211034414000158123430000037190000007223405000000000000000010           01         01900000000000000000001806060720                              060720000000003000013612343  0907200000180                                       00000000002000000000000300000000002950000000000000000000005/01                000000002932000000000001                                                                  000002
10211034414000158123430000037190000007223405000000000000000029           01         01900000000000000000001806060720                              060720000000007000013612343  0907200000180                                       00000000002000000000000300000000006950000000000000000000005/02                000000006932000000000001                                                                  000003
9201001          000000000000000000000000000000          000000000000000000000000000000          000000000000000000000000000000          000000000000000000000000000000                                                  000000000000000000000000000000                                                                                                                                                   000016
