02RETORNO01COBRANCA       15298000060533000000EMPRESA TESTE                  001BANCO DO BRASIL0602240001657                      000002944910772557  2417143                                                                                                                                                                                                                                              000001
70000000000000000152980000605332417879                         2417143000000001570000900AI 01900000000000 1702060224000001/01                     150224000000004000800131747010000000000234000000000000000000000000000000000000000000000000000000000000000000000000000000000000000000000000000000000000000000000000000000090010000000000000          0000000000000000000000000000000000000000000000001050000002
9201001          000000050000000039160800000177          000001810000004907912500000000          000000000000000000000000000000          000000000000000000000000000000                                                  000000000000000000000000000000                                                                                                                                                   000003
