01REMESSA01COBRANCA       70300000053848000000SUA EMPRESA LTDA              001BANCODOBRASIL  0608210000001                      7654321                                                                                                                                                                                                                                                                  000001
70297231608000169703000000538480001234                         000123400000000010000       019000000004DSC1801000000000106082100000000300000010000 01N060821000000000000000000000000000000000000000000000000000000000000000211034414000158AKRETION LTDA                           AVENIDA PAULISTA 807                    CENTRO      01311915SAO PAULO      SP                                        00 000002
70297231608000169703000000538480001234                         000123400000000020000       019000000004DSC1801000000000230092100000000700000010000 01N060821000000000000000000000000000000000000000000000000000000000000000211034414000158AKRETION LTDA                           AVENIDA PAULISTA 807                    CENTRO      01311915SAO PAULO      SP                                        00 000003
9                                                                                                                                                                                                                                                                                                                                                                                                         000004
