01REMESSA01COBRANCA       00000000001222130126SUA EMPRESA LTDA              237BRADESCO       060821        MX0000001                                                                                                                                                                                                                                                                                     000001
100000000000000000000003016110000395000000005/0               0000000000000000001P00000000002N           2  0100000005/006082100000000300000000000001N060821000000000000000000000000000000000000000000000000000000000000000211034414000158AKRETION LTDA                           AVENIDA PAULISTA, 807, SAO PAULO/SP                 01311915                                                            000002
100000000000000000000003016110000395000000005/0               0000000000000000002800000000002N           2  0100000005/030092100000000700000000000001N060821000000000000000000000000000000000000000000000000000000000000000211034414000158AKRETION LTDA                           AVENIDA PAULISTA, 807, SAO PAULO/SP                 01311915                                                            000003
9                                                                                                                                                                                                                                                                                                                                                                                                         000004
