01REMESSA01COBRANCA       851500150160        SUA EMPRESA LTDA              341BANCO ITAU SA  060821                                                                                                                                                                                                                                                                                                      000001
10297231608000169851500150160    000000000003/0               00000000010000000000000175                     I0100000003/006082100000000300003410000099N060821000000000000000000000000000000000000000000000000000000000000000211034414000158AKRETION LTDA                           AVENIDA PAULISTA 807                    CENTRO      01311915SAO PAULO      SP                                  00000003 000002
10297231608000169851500150160    000000000003/0               00000000020000000000000175                     I0100000003/030092100000000700003410000099N060821000000000000000000000000000000000000000000000000000000000000000211034414000158AKRETION LTDA                           AVENIDA PAULISTA 807                    CENTRO      01311915SAO PAULO      SP                                  00000003 000003
9                                                                                                                                                                                                                                                                                                                                                                                                         000004
