01REMESSA01COBRANCA       12345678901234567890SUA EMPRESA LTDA              033SANTANDER      2602240000000000000000                                                                                                                                                                                                                                                                                   058000001
1029723160800016912345678901234567890TESTE SANTANDER CNAB400/0100000019000000 00000000000000000000    000000501TESTE SANTANDER CNAB400/0126022400000000300000330000001N260224000000000000000002602240000000000300000000000000000000000000000211034414000158AKRETION LTDA                           AVENIDA PAULISTA 807                    CENTRO      01311915SAO PAULO      SP                                        00 000002
1029723160800016912345678901234567890TESTE SANTANDER CNAB400/0200000027000000 00000000000000000000    000000501TESTE SANTANDER CNAB400/0231032400000000700000330000001N260224000000000000000003103240000000000700000000000000000000000000000211034414000158AKRETION LTDA                           AVENIDA PAULISTA 807                    CENTRO      01311915SAO PAULO      SP                                        00 000003
9000004000000010000000000000000000000000000000000000000000000000000000000000000000000000000000000000000000000000000000000000000000000000000000000000000000000000000000000000000000000000000000000000000000000000000000000000000000000000000000000000000000000000000000000000000000000000000000000000000000000000000000000000000000000000000000000000000000000000000000000000000000000000000000000000000000000004
