02RETORNO01COBRANCA       42056000156620925442CENTRAL DAS COOPERATIVAS DE CR001BANCO DO BRASIL0708131314759                                                                                                                                                                                                                                                                                               000001
10211034414000158123430000037190000007223405000000000000005010           01         01900000000000000000001806060720                              060720000000007000013612343  0607200000000                                       00000000000000000000000000000000007000000000000000000000005/01                00000000000000000000001                                                                  000002
10211034414000158123430000037190000007223405000000000000005029           01         01900000000000000000001806060720                              060720000000003000013612343  0607200000000                                       00000000000000000000000000000000003000000000000000000000005/02                00000000000000000000001                                                                  000003
9201001          000000000000000000000000000000          000000000000000000000000000000          000000000000000000000000000000          000000000000000000000000000000                                                  000000000000000000000000000000                                                                                                                                                   000016
