01REMESSA01COBRANCA       00000000000092035760SUA EMPRESA LTDA              136UNICRED        160621       0000000001                                                                                                                                                                                                                                                                  CODIGO_BENEFICIARIO000001
1012343000000000371900210000000000000                         13600                         0200000002002N  010000003/01160621000000003000000000000000160621020500000000002000000000000000000000000000000190000000000000000211034414000158AKRETION LTDA                           AVENIDA PAULISTA 807                    CENTRO      01311915SAO PAULO           SP                                      000002
1012343000000000371900210000000000000                         13600                         0200000002002N  010000003/02310721000000007000000000000000160621020500000000002000000000000000000000000000000270000000000000000211034414000158AKRETION LTDA                           AVENIDA PAULISTA 807                    CENTRO      01311915SAO PAULO           SP                                      000003
9                                                                                                                                                                                                                                                                                                                                                                                                         000004
