|0000|LECD|01012021|31122021|EMPRESA TESTE LIVRO RAZAO AUXILIAR|11111111000191|ES|ISENTO|3205200|1256535||0|0|0||0|1||N|N|0|0|1|
|0001|0|
|0007|00||
|0990|4|
|I001|0|
|I010|Z|9.00|
|I012|1|LIVRO DIÁRIO COM ESCRITURAÇÃO RESUMIDA|0||
|I015|1.01.01.01|
|I015|1.05.05.05|
|I015|1.07.07.07|
|I015|1.09.09.09|
|I030|TERMO DE ABERTURA|1|RAZAO_AUXILIAR_DAS_SUBCONTAS|99|EMPRESA TESTE LIVRO RAZAO AUXILIAR||11111111000191|15021978||BRASILIA|31122021|
|I050|01012015|01|S|1|1.01.01.01||Ativo Sintética 1|
|I050|01012015|01|S|1|1.05.05.05||Ativo Sintética 2|
|I050|01012015|01|S|1|1.07.07.07||Ativo Sintética 3|
|I050|01012015|01|S|1|1.09.09.09||Ativo Sintética 4|
|I510|NAT_SUB_CNT|NATUREZA DA SUBCONTA CORRELATA|C|2||11|
|I510|COD_SUB_CNT|CÓDIGO DA SUBCONTA VINCULADA AO ITEM|C|20||11|
|I510|COD_CCUS|CÓDIGO DO CENTRO DE CUSTOS VINCULADO AO ITEM|C|20||11|
|I510|CNPJ_INVTD|CNPJ DA INVESTIDA|N|14||11|
|I510|COD_PATR_ITEM|CÓDIGO DE IDENTIFICAÇÃO DO ITEM|C|10||11|
|I510|QTD|QUANTIDADE|N|15||11|
|I510|IDENT_ITEM|IDENTIFICADOR DO ITEM|C|30||11|
|I510|DESCR_ITEM|DESCRICAO DO ITEM|C|50||11|
|I510|DATA_RECT_INI|DATA DO RECONHECIMENTO CONTÁBIL INICIAL DO ITEM|C|8||11|
|I510|SLD_ITEM_INI|SALDO INICIAL DA CONTA CONTÁBIL|N|19|2|11|
|I510|IND_SLD_ITEM_INI|INDICADOR DO SALDO INICIAL|C|1||11|
|I510|REAL_ITEM|PARCELA DE REALIZAÇÃO DO ITEM|N|19|2|11|
|I510|IND_REAL_ITEM|INDICADOR DA PARCELA DE REALIZAÇÃO|C|1||11|
|I510|SLD_ITEM_FIN|SALDO FINAL DA CONTA CONTÁBIL QUE REGISTRA O ITEM|N|19|2|11|
|I510|IND_SLD_ITEM_FIN|INDICADOR DO SALDO FINAL|C|1||11|
|I510|SLD_SCNT_INI|SALDO INICIAL DA SUBCONTA REPRESENTATIVA DO ITEM|N|19|2|11|
|I510|IND_SLD_SCNT_INI|INDICADOR DO SALDO INICIAL|C|1||11|
|I510|DEB_SCNT|VALOR REGISTRADO A DEBITO NA SUBCONTA|N|19|2|11|
|I510|CRED_SCNT|VALOR REGISTRADO A CREDITO NA SUBCONTA|N|19|2|11|
|I510|SLD_SCNT_FIN|SALDO FINAL DA SUBCONTA REPRESENTATIVA DO ITEM|N|19|2|11|
|I510|IND_SLD_SCNT_FIN|INDICADOR DO SALDO FINAL|C|1||11|
|I510|DATA_LCTO|DATA DO LANÇAMENTO CONTÁBIL|C|8||11|
|I510|NR_LCTO|IDENTIFICAÇÃO DO LANÇAMENTO|C|20||11|
|I510|VLR_LCTO|VALOR DO LANÇAMENTO|N|19|2|11|
|I510|IND_VLR_LCTO|INDICADOR DO VALOR DO LANÇAMENTO|C|1||11|
|I510|IND_ADOC_INI|INDICADOR DA ADOÇÃOO INICIAL|C|1||11|
|I550|70|1.01.01.01|||AA|1|MATRC CARTORIO AA|TERRENO RUA AA|01042019|100000,00|D|0|D|100000,00|D|0|D|10000,00|0|10000,00|D|15012021|AV700|10000,00|D|2|
|I550|70|1.01.01.01|X77||BB|1|MATRC CARTORIO AB|TERRENO RUA BB|02062019|80000,00|D|0|D|80000,00|D|0|D|0|10000,00|10000,00|C|15012021|AV701|10000,00|C|2|
|I550|70|1.01.01.01|X77||BB|1|MATRC CARTORIO AB|TERRENO RUA BB|02062019|80000,00|D|0|D|80000,00|D|10000,00|C|0|40000,00|50000,00|C|18012021|AV810|43000,00|C|2|
|I550|70|1.01.01.01|||CC|1|MATRC CARTORIO AC|TERRENO RUA CC|02012019|30000,00|D|0|D|30000,00|D|0|C|0|3000,00|3000,00|C|18012021|AV810|43000,00|C|2|
|I550|70|1.01.01.01|X77||BB|1|MATRC CARTORIO AB|TERRENO RUA BB|02062019|80000,00|D|0|D|80000,00|D|50000,00|C|50000,00|0|0|C|22012021|AV990|50000,00|D|2|
|I555|70|1.01.01.01|||AA|1|MATRIC CARTORIO AA|TERRENO RUA AA|01042019|100000,00|D|0|D|100000,00|D|0|D|10000,00|0|10000,00|D||||||
|I555|70|1.01.01.01|X77||BB|0|MATRIC CARTORIO AB|TERRENO RUA AB|02062019|80000,00|D|0|D|80000,00|D|0|C|50000,00|50000,00|0|C||||||
|I555|70|1.01.01.01|||CC|1|MATRIC CARTORIO AC|TERRENO RUA AC|02012019|30000,00|D|0|D|30000,00|D|0|D|0|3000,00|3000,00|C||||||
|I550|76|1.05.05.05|12||602B|1|MODELO 16K NR SERIE 7680096|TORNO MECÂNICO|12012020|0|C|0|C|12000,00|C|0|D|2000,00|0|2000,00|D|31122021|LC210|7000,00|D|2|
|I550|76|1.05.05.05|12||603B|1|MODELO 13C NR SERIE 2342536|TORNO MECÂNICO|14012020|20000,00|C|0|C|40000,00|C|5000,00|D|5000,00|0|10000,00|D|31122021|LC210|7000,00|D|2|
|I555|76|1.05.05.05|12||602B|1|MODELO 16K NR SERIE 7680096|TORNO MECÂNICO|12012020|0|C|0|C|12000,00|C|0|D|2000,00|0|2000,00|D||||||
|I555|76|1.05.05.05|12||603B|1|MODELO 13C NR SERIE 2342536|TORNO MECÂNICO|14012020|20000,00|C|0|C|40000,00|C|5000,00|D|5000,00|0|10000,00|D||||||
|I550|60|1.07.07.07|12|77777777000191|123456|20000|NELORE MACHO ATÉ 12 MESES|BOVINO PARA ABATE|13122018|0|D|0|D|2000000,00|D|0|D|1200000,00|0|1200000,00|D|31102021|XV500|3000000,00|C|2|
|I550|60|1.07.07.07|12|77777777000191|123456|35000|NELORE FÊMEA 25/36 MESES|BOVINO PARA ABATE|13122018|0|D|0|D|7000000,00|D|0|D|0|4200000,00|4200000,00|C|31102021|XV500|3000000,00|C|2|
|I550|60|1.07.07.07|12|77777777000191|123456|10000|NELORE MACHO ATÉ 12 MESES|BOVINO PARA ABATE|13122018|2000000,00|D|1000000,00|C|1000000,00|D|1200000,00|D|0|600000,00|600000,00|D|22112021|XV637|600000,00|C|2|
|I555|60|1.07.07.07|12|77777777000191|123456|35000|NELORE FÊMEA 25/36 MESES|BOVINO PARA ABATE|13122018|0|D|0|D|7000000,00|D|0|D|0|4200000,00|4200000,00|C||||||
|I555|60|1.07.07.07|12|77777777000191|123456|10000|NELORE MACHO ATÉ 12 MESES|BOVINO PARA ABATE|13122018|0|D|1000000,00|C|1000000,00|D|0|D|1200000,00|600000,00|600000,00|D||||||
|I550|65|1.09.09.09||77777777000191|477BG|1|MATRC 456 - CARTÓRIO XX|GALPÃO INDUSTRIAL - SÃO PAULO/SP|31122018|3000000,00|D|0|D|3000000,00|D|0|D|1000000,00|0|1000000,00|D|04012021|896PR|5000000,00|D|2|
|I550|65|1.09.09.09||77777777000191|500AC|300|ON-EMP. 33.333.333/0001-91|AÇÕES|31122018|12000000,00|D|0|D|12000000,00|D|0|D|4000000,00|0|4000000,00|D|04012021|896PR|5000000,00|D|2|
|I550|65|1.09.09.09||77777777000191|477BG|1|MATRC 456 - CARTÓRIO XX|GALPÃO INDUSTRIAL - SÃO PAULO/SP|31122018|3000000,00|D|240000,00|C|2760000,00|D|1000000,00|D|0|80000,00|920000,00|D|31102021|937PR|80000,00|C|2|
|I550|65|1.09.09.09||77777777000191|500AC|150|ON-EMP. 33.333.333/0001-91|AÇÕES|31122019|12000000,00|D|6000000,00|C|6000000,00|D|4000000,00|D|0|2000000,00|2000000,00|D|31102021|938PR|2000000,00|C|2|
|I550|65|1.09.09.09||77777777000191|500AC|0|ON-EMP. 33.333.333/0001-91|AÇÕES|31122019|6000000,00|D|6000000,00|C|0|D|2000000,00|D|0|2000000,00|0|D|07112021|950PR|2000000,00|C|2|
|I555|65|1.09.09.09||77777777000191|477BG|1|MATRC 456 - CARTÓRIO XX|GALPÃO INDUSTRIAL - SÃO PAULO/SP|31122018|3000000,00|D|240000,00|C|2760000,00|D|0|D|1000000,00|80000,00|920000,00|D||||||
|I555|65|1.09.09.09||77777777000191|500AC|0|ON-EMP. 33.333.333/0001-91|AÇÕES|31122018|12000000,00|D|12000000,00|C|12000000,00|D|0|D|4000000,00|4000000,00|0|D||||||
|I990|63|
|J001|0|
|J900|TERMO DE ENCERRAMENTO|1|RAZAO_AUXILIAR_DAS_SUBCONTAS|EMPRESA TESTE LIVRO RAZAO AUXILIAR|99|01012021|31122021|
|J930|FULANO|45422460510|DIRETOR|203|4566|EMAIL|FONE|DF|DF/2018/1|01122018|S|
|J930|BELTRANO|77487527379|CONTADOR|900|78090|EMAIL|FONE|DF|DF/2018/1|01122018|N|
|J990|5|
|9001|0|
|9900|0000|1|
|9900|0001|1|
|9900|0007|1|
|9900|0990|1|
|9900|I001|1|
|9900|I010|1|
|9900|I012|1|
|9900|I015|4|
|9900|I030|1|
|9900|I050|4|
|9900|I510|26|
|9900|I550|15|
|9900|I555|9|
|9900|I990|1|
|9900|J001|1|
|9900|J900|1|
|9900|J930|2|
|9900|J990|1|
|9900|9001|1|
|9900|9900|22|
|9900|9990|1|
|9900|9999|1|
|9990|25|
|9999|97|
