|0000|10||01012016|31012016|EMPRESA TESTE LTDA|99999999000272||RS|2243658792|4314902|||A||
|0001|0|
|0005|EMPRESA TESTE|40000000|RUA A|||CENTRO||||
|0100|EU|99999999131|939393|||||||||EU@EU.COM|3550308|
|0150|1|INDÚSTRIAS DE ACESSÓRIOS EM GERAL LTDA|1058|66666666000191|||3550308||RUA TORQUATO PEREIRA|99|||
|0150|PART01|Os Sopranos|1058|22204550000165||1675248438507|3106200||Rua dos Tuítes|770||Bairro da Rede|
|0175|15112014|11|111|
|0175|16112013|12|complemento anterior|
|0150|PART02|Breaking Bad|1058||15366264812|3946063476925|3106705||Rua dos Critais Azuis|737|Falar com Pinkman|El Paso|
|0190|CX|CX COM 50 UNIDADES|
|0190|UN|UNIDADE|
|0190|MT|METRO|
|0200|8899|TECIDO|||MT|1|99999999||||17||
|0200|8900|FORRO|||MT|1|34579098||||17||
|0200|8901|BOTÃO|||UN|1|23456765||||17||
|0220|CX|50||
|0200|8902|LINHA|||MT|1|87652345||||17||
|0200|8903|ETIQUETA|||UN|1|34567890||||17||
|0200|8904|SACO PLÁSTICO|||UN|2|45678765||||17||
|0200|770|COLETE FEMININO|||UN|4|23465432||||17||
|0210|8899|1,1|10|
|0210|8900|0,3|5|
|0210|8901|3|0|
|0210|8902|40|5|
|0210|8903|1|0|
|0210|8904|1|0|
|0200|771|COLETE FEMININO - SEGUNDA QUALIDADE|||UN|4|23456789||||17||
|0990|28|
|B001|1|
|B990|2|
|C001|0|
|C100|0|1|1|01||1|335||13012016|15012016|19250|0|||17500|2||||17500|2100|||1750|||||
|C170|1|8901||500|CX|17500||0||2101||17500|12|2100||0||0|00||17500|10|1750|||||||||||||
|C190||2101|12|19250|17500|2100||||1750||
|C990|5|
|D001|1|
|D990|2|
|E001|0|
|E100|01012016|31012016|
|E110|||||2100||||||||2100|0|
|E500|0|01012016|31012016|
|E510|2101|00|17500|17500|1750|
|E520|||1750|||1750||
|E990|7|
|G001|1|
|G990|2|
|H001|1|
|H990|2|
|K001|0|
|K100|01012016|31012016|
|K200|31012016|770|10450|0||
|K200|31012016|8899|150|0||
|K200|31012016|8900|32961|0||
|K200|31012016|8901|2810|0||
|K200|31012016|8902|39800|0||
|K200|31012016|8903|10870|0||
|K200|31012016|8904|26870|0||
|K220|31012016|770|771|5|5|
|K230|10122015||2234/P|770|130|
|K235|28012016|8899|143||
|K235|28012016|8900|39||
|K235|28012016|8901|390||
|K235|28012016|8902|5200||
|K235|28012016|8903|130||
|K235|28012016|8904|130||
|K250|18012016|770|150|
|K255|18012016|8899|165||
|K990|20|
|1001|0|
|1010|N|N|N|N|N|N|N|N|N|N|N|N|N|
|1990|3|
|9001|0|
|9900|0000|1|
|9900|0001|1|
|9900|0005|1|
|9900|0100|1|
|9900|0150|1|
|9900|0190|3|
|9900|0200|8|
|9900|0210|6|
|9900|0220|1|
|9900|0990|1|
|9900|C001|1|
|9900|C100|1|
|9900|C170|1|
|9900|C190|1|
|9900|C990|1|
|9900|D001|1|
|9900|D990|1|
|9900|E001|1|
|9900|E100|1|
|9900|E110|1|
|9900|E500|1|
|9900|E510|1|
|9900|E520|1|
|9900|E990|1|
|9900|G001|1|
|9900|G990|1|
|9900|H001|1|
|9900|H990|1|
|9900|K001|1|
|9900|K100|1|
|9900|K200|7|
|9900|K220|1|
|9900|K230|1|
|9900|K235|6|
|9900|K250|1|
|9900|K255|1|
|9900|K990|1|
|9900|1001|1|
|9900|1010|1|
|9900|1990|1|
|9900|9001|1|
|9900|9990|1|
|9900|9999|1|
|9900|9900|44|
|9990|47|
|9999|118|
